<record><leader>00000cas a22000007a 4500</leader><controlfield tag="001">18056230</controlfield><controlfield tag="008">880608d18971931nduwr ne      0    0eng d</controlfield><datafield ind1=" " ind2=" " tag="010"><subfield code="a">sn 88076075 </subfield></datafield><datafield ind1=" " ind2=" " tag="040"><subfield code="a">NOP</subfield><subfield code="b">eng</subfield><subfield code="c">NOP</subfield><subfield code="d">OCLCQ</subfield></datafield><datafield ind1=" " ind2=" " tag="042"><subfield code="a">msc</subfield></datafield><datafield ind1="0" ind2="0" tag="245"><subfield code="a">Dickey County leader and Ellendale commercial.</subfield></datafield><datafield ind1=" " ind2=" " tag="260"><subfield code="a">Ellendale, Dickey County, N.D. :</subfield><subfield code="b">Goddard &amp; Smith</subfield></datafield><datafield ind1=" " ind2=" " tag="300"><subfield code="a">34 v. :</subfield><subfield code="b">ill. ;</subfield><subfield code="c">56-60 cm.</subfield></datafield><datafield ind1=" " ind2=" " tag="310"><subfield code="a">Weekly</subfield></datafield><datafield ind1="0" ind2=" " tag="362"><subfield code="a">Vol. 16, no. 16 (Sept. 2, 1897)-v. 49, no. 48 (Mar. 19, 1931).</subfield></datafield><datafield ind1=" " ind2=" " tag="500"><subfield code="a">"Official paper of the County, City of Ellendale."</subfield></datafield><datafield ind1=" " ind2=" " tag="530"><subfield code="a">Available on microfilm from the State Historical Society of North Dakota.</subfield></datafield><datafield ind1=" " ind2=" " tag="752"><subfield code="a">United States</subfield><subfield code="b">North Dakota</subfield><subfield code="c">Dickey</subfield><subfield code="d">Ellendale.</subfield></datafield><datafield ind1="0" ind2="4" tag="780"><subfield code="t">Dickey County leader (Ellendale, N.D. : 1882)</subfield><subfield code="w">(DLC)sn 88076073</subfield></datafield><datafield ind1="0" ind2="4" tag="780"><subfield code="t">Ellendale commercial</subfield><subfield code="w">(DLC)sn 88076074</subfield></datafield><datafield ind1="0" ind2="5" tag="780"><subfield code="t">North Dakota record</subfield><subfield code="w">(DLC)sn 88076076</subfield></datafield><datafield ind1="0" ind2="0" tag="785"><subfield code="t">Dickey County leader (Ellendale, N.D. : 1931)</subfield><subfield code="w">(DLC)sn 88076023</subfield></datafield></record>